@article{Porcu2023,
author = {Porcu, Emilio and Bevilacqua, Moreno and Schaback, Robert and Oates, Chris},
year = {2023},
month = {03},
pages = {},
title = {The Mat\'ern Model: A Journey through Statistics, Numerical Analysis and Machine Learning},
doi = {10.48550/arXiv.2303.02759}
}
@article{CLAROTTO2024100847,
title = {The SPDE approach for spatio-temporal datasets with advection and diffusion},
journal = {Spatial Statistics},
volume = {62},
pages = {100847},
year = {2024},
issn = {2211-6753},
doi = {https://doi.org/10.1016/j.spasta.2024.100847},
url = {https://www.sciencedirect.com/science/article/pii/S2211675324000381},
author = {Lucia Clarotto and Denis Allard and Thomas Romary and Nicolas Desassis}
}
@article{carrizo2022general,
  title={A general framework for SPDE-based stationary random fields},
  author={Carrizo Vergara, Ricardo and Allard, Denis and Desassis, Nicolas},
  journal={Bernoulli},
  volume={28},
  number={1},
  pages={1--32},
  year={2022},
  publisher={Bernoulli Society for Mathematical Statistics and Probability}
}
@article{article,
author = {Lindgren, Finn and Rue, HÃ¥vard and Lindst, Johan},
year = {2011},
month = {01},
pages = {},
title = {An explicit link between Gaussian fields and Gaussian Markov random fields: The SPDE approach}
}
@article{lim2009generalized,
  title={Generalized Whittle--Mat{\'e}rn random field as a model of correlated fluctuations},
  author={Lim, SC and Teo, Lee P},
  journal={Journal of Physics A: Mathematical and Theoretical},
  volume={42},
  number={10},
  pages={105202},
  year={2009},
  publisher={IOP Publishing}
}
@article{whittle1954stationary,
  title={On stationary processes in the plane},
  author={Whittle, Peter},
  journal={Biometrika},
  pages={434--449},
  year={1954},
  publisher={JSTOR}
}
@article{bolin2020rational,
  title={The rational SPDE approach for Gaussian random fields with general smoothness},
  author={Bolin, David and Kirchner, Kristin},
  journal={Journal of Computational and Graphical Statistics},
  volume={29},
  number={2},
  pages={274--285},
  year={2020},
  publisher={Taylor \& Francis}
}
@article{sigrist2015stochastic,
  title={Stochastic partial differential equation based modelling of large space--time data sets},
  author={Sigrist, Fabio and K{\"u}nsch, Hans R and Stahel, Werner A},
  journal={Journal of the Royal Statistical Society Series B: Statistical Methodology},
  volume={77},
  number={1},
  pages={3--33},
  year={2015},
  publisher={Oxford University Press}
}

@article{lindgren2020diffusion,
  title={A diffusion-based spatio-temporal extension of Gaussian Mat$\backslash$'ern fields},
  author={Lindgren, Finn and Bakka, Haakon and Bolin, David and Krainski, Elias and Rue, H{\aa}vard},
  journal={arXiv preprint arXiv:2006.04917},
  year={2020}
}
@article{stein2005space,
  title={Space--time covariance functions},
  author={Stein, Michael L},
  journal={Journal of the American Statistical Association},
  volume={100},
  number={469},
  pages={310--321},
  year={2005},
  publisher={Taylor \& Francis}
}

@book{Lord_Powell_Shardlow_2014, place={Cambridge}, 
series={Cambridge Texts in Applied Mathematics}, 
title={An Introduction to Computational Stochastic PDEs}, 
publisher={Cambridge University Press}, 
author={Lord, Gabriel J. and Powell, Catherine E. and Shardlow, Tony}, 
year={2014}, 
collection={Cambridge Texts in Applied Mathematics}}

@book{Prato_Zabczyk_2014, 
place={Cambridge}, edition={2}, 
series={Encyclopedia of Mathematics and its Applications}, 
title={Stochastic Equations in Infinite Dimensions}, 
publisher={Cambridge University Press}, 
author={Da Prato, Giuseppe and Zabczyk, Jerzy}, 
year={2014}, 
collection={Encyclopedia of Mathematics and its Applications}}


@misc{dupont2022generativemodelsdistributionsfunctions,
      title={Generative Models as Distributions of Functions}, 
      author={Emilien Dupont and Yee Whye Teh and Arnaud Doucet},
      year={2022},
      eprint={2102.04776},
      archivePrefix={arXiv},
      primaryClass={cs.LG},
      url={https://arxiv.org/abs/2102.04776}, 
}

@misc{mittal2022pointsfunctionsinfinitedimensionalrepresentations,
      title={From Points to Functions: Infinite-dimensional Representations in Diffusion Models}, 
      author={Sarthak Mittal and Guillaume Lajoie and Stefan Bauer and Arash Mehrjou},
      year={2022},
      eprint={2210.13774},
      archivePrefix={arXiv},
      primaryClass={cs.LG},
      url={https://arxiv.org/abs/2210.13774}, 
}

@article{JMLR:v25:23-1271,
  author  = {Jakiw Pidstrigach and Youssef Marzouk and Sebastian Reich and Sven Wang},
  title   = {Infinite-Dimensional Diffusion Models},
  journal = {Journal of Machine Learning Research},
  year    = {2024},
  volume  = {25},
  number  = {414},
  pages   = {1--52},
  url     = {http://jmlr.org/papers/v25/23-1271.html}
}

@misc{lim2025scorebaseddiffusionmodelsfunction,
      title={Score-based Diffusion Models in Function Space}, 
      author={Jae Hyun Lim and Nikola B. Kovachki and Ricardo Baptista and Christopher Beckham and Kamyar Azizzadenesheli and Jean Kossaifi and Vikram Voleti and Jiaming Song and Karsten Kreis and Jan Kautz and Christopher Pal and Arash Vahdat and Anima Anandkumar},
      year={2025},
      eprint={2302.07400},
      archivePrefix={arXiv},
      primaryClass={cs.LG},
      url={https://arxiv.org/abs/2302.07400}, 
}

@misc{kerrigan2023diffusiongenerativemodelsinfinite,
      title={Diffusion Generative Models in Infinite Dimensions}, 
      author={Gavin Kerrigan and Justin Ley and Padhraic Smyth},
      year={2023},
      eprint={2212.00886},
      archivePrefix={arXiv},
      primaryClass={cs.LG},
      url={https://arxiv.org/abs/2212.00886}, 
}

@misc{rissanen2023generativemodellinginverseheat,
      title={Generative Modelling With Inverse Heat Dissipation}, 
      author={Severi Rissanen and Markus Heinonen and Arno Solin},
      year={2023},
      eprint={2206.13397},
      archivePrefix={arXiv},
      primaryClass={cs.CV},
      url={https://arxiv.org/abs/2206.13397}, 
}

@misc{hagemann2024multileveldiffusioninfinitedimensional,
      title={Multilevel Diffusion: Infinite Dimensional Score-Based Diffusion Models for Image Generation}, 
      author={Paul Hagemann and Sophie Mildenberger and Lars Ruthotto and Gabriele Steidl and Nicole Tianjiao Yang},
      year={2024},
      eprint={2303.04772},
      archivePrefix={arXiv},
      primaryClass={cs.LG},
      url={https://arxiv.org/abs/2303.04772}, 
}

@inproceedings{NEURIPS2023_76c6f9f2,
 author = {Lim, Sungbin and YOON, EUN BI and Byun, Taehyun and Kang, Taewon and Kim, Seungwoo and Lee, Kyungjae and Choi, Sungjoon},
 booktitle = {Advances in Neural Information Processing Systems},
 editor = {A. Oh and T. Naumann and A. Globerson and K. Saenko and M. Hardt and S. Levine},
 pages = {37799--37812},
 publisher = {Curran Associates, Inc.},
 title = {Score-based Generative Modeling through Stochastic Evolution Equations in Hilbert Spaces},
 url = {https://proceedings.neurips.cc/paper_files/paper/2023/file/76c6f9f2475b275b92d03a83ea270af4-Paper-Conference.pdf},
 volume = {36},
 year = {2023}
}

@inproceedings{bond2024infty,
  title     = {$\infty$-Diff: Infinite Resolution Diffusion with Subsampled Mollified States},
  author    = {Sam Bond-Taylor and Chris G. Willcocks},
  booktitle = {International Conference on Learning Representations},
  year      = {2024}
}


@misc{franzese2023continuoustimefunctionaldiffusionprocesses,
      title={Continuous-Time Functional Diffusion Processes}, 
      author={Giulio Franzese and Giulio Corallo and Simone Rossi and Markus Heinonen and Maurizio Filippone and Pietro Michiardi},
      year={2023},
      eprint={2303.00800},
      archivePrefix={arXiv},
      primaryClass={cs.LG},
      url={https://arxiv.org/abs/2303.00800}, 
}


@misc{park2025stochasticoptimalcontroldiffusion,
      title={Stochastic Optimal Control for Diffusion Bridges in Function Spaces}, 
      author={Byoungwoo Park and Jungwon Choi and Sungbin Lim and Juho Lee},
      year={2025},
      eprint={2405.20630},
      archivePrefix={arXiv},
      primaryClass={cs.LG},
      url={https://arxiv.org/abs/2405.20630}, 
}

@misc{baker2024conditioningnonlinearinfinitedimensionaldiffusion,
      title={Conditioning non-linear and infinite-dimensional diffusion processes}, 
      author={Elizabeth Louise Baker and Gefan Yang and Michael L. Severinsen and Christy Anna Hipsley and Stefan Sommer},
      year={2024},
      eprint={2402.01434},
      archivePrefix={arXiv},
      primaryClass={stat.ML},
      url={https://arxiv.org/abs/2402.01434}, 
}

@misc{yang2024simulatinginfinitedimensionalnonlineardiffusion,
      title={Simulating infinite-dimensional nonlinear diffusion bridges}, 
      author={Gefan Yang and Elizabeth Louise Baker and Michael L. Severinsen and Christy Anna Hipsley and Stefan Sommer},
      year={2024},
      eprint={2405.18353},
      archivePrefix={arXiv},
      primaryClass={cs.LG},
      url={https://arxiv.org/abs/2405.18353}, 
}



@misc{kerrigan2023functionalflowmatching,
      title={Functional Flow Matching}, 
      author={Gavin Kerrigan and Giosue Migliorini and Padhraic Smyth},
      year={2023},
      eprint={2305.17209},
      archivePrefix={arXiv},
      primaryClass={cs.LG},
      url={https://arxiv.org/abs/2305.17209}, 
}


@misc{na2025probabilityflowodeinfinitedimensionalfunction,
      title={Probability-Flow ODE in Infinite-Dimensional Function Spaces}, 
      author={Kunwoo Na and Junghyun Lee and Se-Young Yun and Sungbin Lim},
      year={2025},
      eprint={2503.10219},
      archivePrefix={arXiv},
      primaryClass={cs.LG},
      url={https://arxiv.org/abs/2503.10219}, 
}

@misc{rahman2022generativeadversarialneuraloperators,
      title={Generative Adversarial Neural Operators}, 
      author={Md Ashiqur Rahman and Manuel A. Florez and Anima Anandkumar and Zachary E. Ross and Kamyar Azizzadenesheli},
      year={2022},
      eprint={2205.03017},
      archivePrefix={arXiv},
      primaryClass={cs.LG},
      url={https://arxiv.org/abs/2205.03017}, 
}

@misc{song2021scorebasedgenerativemodelingstochastic,
      title={Score-Based Generative Modeling through Stochastic Differential Equations}, 
      author={Yang Song and Jascha Sohl-Dickstein and Diederik P. Kingma and Abhishek Kumar and Stefano Ermon and Ben Poole},
      year={2021},
      eprint={2011.13456},
      archivePrefix={arXiv},
      primaryClass={cs.LG},
      url={https://arxiv.org/abs/2011.13456}, 
}

@misc{chan2024tutorialdiffusionmodelsimaging,
      title={Tutorial on Diffusion Models for Imaging and Vision}, 
      author={Stanley H. Chan},
      year={2024},
      eprint={2403.18103},
      archivePrefix={arXiv},
      primaryClass={cs.LG},
      url={https://arxiv.org/abs/2403.18103}, 
}

@misc{lipman2024flowmatchingguidecode,
      title={Flow Matching Guide and Code}, 
      author={Yaron Lipman and Marton Havasi and Peter Holderrieth and Neta Shaul and Matt Le and Brian Karrer and Ricky T. Q. Chen and David Lopez-Paz and Heli Ben-Hamu and Itai Gat},
      year={2024},
      eprint={2412.06264},
      archivePrefix={arXiv},
      primaryClass={cs.LG},
      url={https://arxiv.org/abs/2412.06264}, 
}

@book{SÃ¤rkkÃ¤_Solin_2019, place={Cambridge}, series={Institute of Mathematical Statistics Textbooks}, title={Applied Stochastic Differential Equations}, publisher={Cambridge University Press}, author={SÃ¤rkkÃ¤, Simo and Solin, Arno}, year={2019}, collection={Institute of Mathematical Statistics Textbooks}}

@book{citeulike:1220946,
  abstract = {{This book gives an introduction to the basic theory of stochastic calculus and its applications. Examples are given throughout the text, in order to motivate and illustrate the theory and show its importance for many applications in e.g. economics, biology and physics. The basic idea of the presentation is to start from some basic results (without proofs) of the easier cases and develop the theory from there, and to concentrate on the proofs of the easier case (which nevertheless are often sufficiently general for many purposes) in order to be able to reach quickly the parts of the theory which is most important for the applications. For the 6th edition the author has added further exercises and, for the first time, solutions to many of the exercises are provided.}},
  added-at = {2019-06-18T20:47:03.000+0200},
  author = {{\O}ksendal, Bernt},
  biburl = {https://www.bibsonomy.org/bibtex/2d7cd96cca260bd9b47f1792a5ce420b9/alexv},
  citeulike-article-id = {1220946},
  citeulike-linkout-0 = {http://www.amazon.ca/exec/obidos/redirect?tag=citeulike09-20\&amp;path=ASIN/3540047581},
  citeulike-linkout-1 = {http://www.amazon.de/exec/obidos/redirect?tag=citeulike01-21\&amp;path=ASIN/3540047581},
  citeulike-linkout-2 = {http://www.amazon.fr/exec/obidos/redirect?tag=citeulike06-21\&amp;path=ASIN/3540047581},
  citeulike-linkout-3 = {http://www.amazon.jp/exec/obidos/ASIN/3540047581},
  citeulike-linkout-4 = {http://www.amazon.co.uk/exec/obidos/ASIN/3540047581/citeulike00-21},
  citeulike-linkout-5 = {http://www.amazon.com/exec/obidos/redirect?tag=citeulike07-20\&path=ASIN/3540047581},
  citeulike-linkout-6 = {http://www.worldcat.org/isbn/3540047581},
  citeulike-linkout-7 = {http://books.google.com/books?vid=ISBN3540047581},
  citeulike-linkout-8 = {http://www.amazon.com/gp/search?keywords=3540047581\&index=books\&linkCode=qs},
  citeulike-linkout-9 = {http://www.librarything.com/isbn/3540047581},
  day = 21,
  edition = {6th},
  howpublished = {Paperback},
  interhash = {64c55a503d02570b0bdf235a961f4445},
  intrahash = {d7cd96cca260bd9b47f1792a5ce420b9},
  isbn = {3540047581},
  keywords = {probability statistics},
  month = jan,
  posted-at = {2007-09-27 18:06:09},
  priority = {2},
  publisher = {Springer},
  timestamp = {2019-08-24T00:34:38.000+0200},
  title = {{Stochastic Differential Equations: An Introduction with Applications (Universitext)}},
  url = {http://www.amazon.com/exec/obidos/redirect?tag=citeulike07-20\&path=ASIN/3540047581},
  year = 2014
}

@book{lord2014introduction,
  abstract = {This book gives a comprehensive introduction to numerical methods and analysis of stochastic processes, random fields and stochastic differential equations, and offers graduate students and researchers powerful tools for understanding uncertainty quantification for risk analysis. Coverage includes traditional stochastic ODEs with white noise forcing, strong and weak approximation, and the multi-level Monte Carlo method. Later chapters apply the theory of random fields to the numerical solution of elliptic PDEs with correlated random data, discuss the Monte Carlo method, and introduce stochastic Galerkin finite-element methods. Finally, stochastic parabolic PDEs are developed. Assuming little previous exposure to probability and statistics, theory is developed in tandem with state-of-the-art computational methods through worked examples, exercises, theorems and proofs. The set of MATLABÂ® codes included (and downloadable) allows readers to perform computations themselves and solve the test problems discussed. Practical examples are drawn from finance, mathematical biology, neuroscience, fluid flow modelling and materials science.},
  added-at = {2022-03-20T01:27:01.000+0100},
  address = {Cambridge},
  author = {Lord, Gabriel J. and Powell, Catherine E. and Shardlow, Tony},
  biburl = {https://www.bibsonomy.org/bibtex/2134d6bb30ac5ee91c2832b18bde0655e/gdmcbain},
  booktitle = {Cambridge Texts in Applied Mathematics},
  description = {An Introduction to Computational Stochastic PDEs},
  doi = {DOI: 10.1017/CBO9781139017329},
  interhash = {466daf13d8c05d71adeb409490dcc234},
  intrahash = {134d6bb30ac5ee91c2832b18bde0655e},
  isbn = {9780521899901},
  keywords = {60-01-probability-instructional-exposition 60-04-probability-theory-software-source-code 60g10-stationary-stochastic-processes 60hxx-stochastic-analysis 65-02-numerical-analysis-research-exposition 65c30-numerical-solutions-to-stochastic-and-integral-differential-equations 65n30-pdes-bvps-finite-elements 65n35-pdes-bvps-spectral-collocation-and-related-methods},
  publisher = {Cambridge University Press},
  timestamp = {2022-03-20T01:28:18.000+0100},
  title = {An Introduction to Computational Stochastic PDEs},
  url = {https://www.cambridge.org/core/books/an-introduction-to-computational-stochastic-pdes/01A784303F5C86644A25BFB138923090},
  year = 2014
}

@online{holderrieth2023fokker,
  author    = {Peter Holderrieth},
  title     = {The Fokker-Planck Equation and Diffusion Models, },
  year      = {2023},
  note      = {https://www.peterholderrieth.com/blog/2023/The-Fokker-Planck-Equation-and-Diffusion-Models/}
}

@book{doi:10.1137/1.9780898718997,
author = {Bhattacharya, Rabi N. and Waymire, Edward C.},
title = {Stochastic Processes with Applications},
publisher = {Society for Industrial and Applied Mathematics},
year = {2009},
doi = {10.1137/1.9780898718997},
address = {},
edition   = {},
URL = {https://epubs.siam.org/doi/abs/10.1137/1.9780898718997},
eprint = {https://epubs.siam.org/doi/pdf/10.1137/1.9780898718997}
}

@misc{yang2024diffusionmodelscomprehensivesurvey,
      title={Diffusion Models: A Comprehensive Survey of Methods and Applications}, 
      author={Ling Yang and Zhilong Zhang and Yang Song and Shenda Hong and Runsheng Xu and Yue Zhao and Wentao Zhang and Bin Cui and Ming-Hsuan Yang},
      year={2024},
      eprint={2209.00796},
      archivePrefix={arXiv},
      primaryClass={cs.LG},
      url={https://arxiv.org/abs/2209.00796}, 
}
@book{Kolmogorov_Equations_for_Stochastic_PDEs,
title = "Kolmogorov Equations for Stochastic PDEs",
author = "{Castellet Solanas}, Manuel",
editor = "{Da Prato}, G.",
year = "2004",
month = jan,
day = "1",
language = "English",
volume = "7",
series = "Advanced Courses in Mathematics CRM Barcelona",
edition = "1",
}

@book{Da_Prato_Zabczyk_2002, place={Cambridge}, series={London Mathematical Society Lecture Note Series}, title={Second Order Partial Differential Equations in Hilbert Spaces}, publisher={Cambridge University Press}, author={Da Prato, Giuseppe and Zabczyk, Jerzy}, year={2002}, collection={London Mathematical Society Lecture Note Series}}

@misc{flowsanddiffusions2025,
author       = {Peter Holderrieth and Ezra Erives},
title        = {Introduction to Flow Matching and Diffusion Models},
year         = {2025},
url          = {https://diffusion.csail.mit.edu/}
}

##############################################################################
# thin film reference
##############################################################################

@article{kardar1986dynamic,
  title={Dynamic scaling of growing interfaces},
  author={Kardar, Mehran and Parisi, Giorgio and Zhang, Yi-Cheng},
  journal={Physical Review Letters},
  volume={56},
  number={9},
  pages={889},
  year={1986},
  publisher={APS}
}