@article{Porcu2023,
author = {Porcu, Emilio and Bevilacqua, Moreno and Schaback, Robert and Oates, Chris},
year = {2023},
month = {03},
pages = {},
title = {The Mat\'ern Model: A Journey through Statistics, Numerical Analysis and Machine Learning},
doi = {10.48550/arXiv.2303.02759}
}
@article{CLAROTTO2024100847,
title = {The SPDE approach for spatio-temporal datasets with advection and diffusion},
journal = {Spatial Statistics},
volume = {62},
pages = {100847},
year = {2024},
issn = {2211-6753},
doi = {https://doi.org/10.1016/j.spasta.2024.100847},
url = {https://www.sciencedirect.com/science/article/pii/S2211675324000381},
author = {Lucia Clarotto and Denis Allard and Thomas Romary and Nicolas Desassis}
}
@article{carrizo2022general,
  title={A general framework for SPDE-based stationary random fields},
  author={Carrizo Vergara, Ricardo and Allard, Denis and Desassis, Nicolas},
  journal={Bernoulli},
  volume={28},
  number={1},
  pages={1--32},
  year={2022},
  publisher={Bernoulli Society for Mathematical Statistics and Probability}
}
@article{article,
author = {Lindgren, Finn and Rue, HÃ¥vard and Lindst, Johan},
year = {2011},
month = {01},
pages = {},
title = {An explicit link between Gaussian fields and Gaussian Markov random fields: The SPDE approach}
}
@article{lim2009generalized,
  title={Generalized Whittle--Mat{\'e}rn random field as a model of correlated fluctuations},
  author={Lim, SC and Teo, Lee P},
  journal={Journal of Physics A: Mathematical and Theoretical},
  volume={42},
  number={10},
  pages={105202},
  year={2009},
  publisher={IOP Publishing}
}
@article{whittle1954stationary,
  title={On stationary processes in the plane},
  author={Whittle, Peter},
  journal={Biometrika},
  pages={434--449},
  year={1954},
  publisher={JSTOR}
}
@article{bolin2020rational,
  title={The rational SPDE approach for Gaussian random fields with general smoothness},
  author={Bolin, David and Kirchner, Kristin},
  journal={Journal of Computational and Graphical Statistics},
  volume={29},
  number={2},
  pages={274--285},
  year={2020},
  publisher={Taylor \& Francis}
}
@article{sigrist2015stochastic,
  title={Stochastic partial differential equation based modelling of large space--time data sets},
  author={Sigrist, Fabio and K{\"u}nsch, Hans R and Stahel, Werner A},
  journal={Journal of the Royal Statistical Society Series B: Statistical Methodology},
  volume={77},
  number={1},
  pages={3--33},
  year={2015},
  publisher={Oxford University Press}
}

@article{lindgren2020diffusion,
  title={A diffusion-based spatio-temporal extension of Gaussian Mat$\backslash$'ern fields},
  author={Lindgren, Finn and Bakka, Haakon and Bolin, David and Krainski, Elias and Rue, H{\aa}vard},
  journal={arXiv preprint arXiv:2006.04917},
  year={2020}
}
@article{stein2005space,
  title={Space--time covariance functions},
  author={Stein, Michael L},
  journal={Journal of the American Statistical Association},
  volume={100},
  number={469},
  pages={310--321},
  year={2005},
  publisher={Taylor \& Francis}
}

@book{Lord_Powell_Shardlow_2014, place={Cambridge}, 
series={Cambridge Texts in Applied Mathematics}, 
title={An Introduction to Computational Stochastic PDEs}, 
publisher={Cambridge University Press}, 
author={Lord, Gabriel J. and Powell, Catherine E. and Shardlow, Tony}, 
year={2014}, 
collection={Cambridge Texts in Applied Mathematics}}

@book{Prato_Zabczyk_2014, 
place={Cambridge}, edition={2}, 
series={Encyclopedia of Mathematics and its Applications}, 
title={Stochastic Equations in Infinite Dimensions}, 
publisher={Cambridge University Press}, 
author={Da Prato, Giuseppe and Zabczyk, Jerzy}, 
year={2014}, 
collection={Encyclopedia of Mathematics and its Applications}}


@misc{dupont2022generativemodelsdistributionsfunctions,
      title={Generative Models as Distributions of Functions}, 
      author={Emilien Dupont and Yee Whye Teh and Arnaud Doucet},
      year={2022},
      eprint={2102.04776},
      archivePrefix={arXiv},
      primaryClass={cs.LG},
      url={https://arxiv.org/abs/2102.04776}, 
}

@misc{mittal2022pointsfunctionsinfinitedimensionalrepresentations,
      title={From Points to Functions: Infinite-dimensional Representations in Diffusion Models}, 
      author={Sarthak Mittal and Guillaume Lajoie and Stefan Bauer and Arash Mehrjou},
      year={2022},
      eprint={2210.13774},
      archivePrefix={arXiv},
      primaryClass={cs.LG},
      url={https://arxiv.org/abs/2210.13774}, 
}

@article{JMLR:v25:23-1271,
  author  = {Jakiw Pidstrigach and Youssef Marzouk and Sebastian Reich and Sven Wang},
  title   = {Infinite-Dimensional Diffusion Models},
  journal = {Journal of Machine Learning Research},
  year    = {2024},
  volume  = {25},
  number  = {414},
  pages   = {1--52},
  url     = {http://jmlr.org/papers/v25/23-1271.html}
}

@misc{lim2025scorebaseddiffusionmodelsfunction,
      title={Score-based Diffusion Models in Function Space}, 
      author={Jae Hyun Lim and Nikola B. Kovachki and Ricardo Baptista and Christopher Beckham and Kamyar Azizzadenesheli and Jean Kossaifi and Vikram Voleti and Jiaming Song and Karsten Kreis and Jan Kautz and Christopher Pal and Arash Vahdat and Anima Anandkumar},
      year={2025},
      eprint={2302.07400},
      archivePrefix={arXiv},
      primaryClass={cs.LG},
      url={https://arxiv.org/abs/2302.07400}, 
}

@misc{kerrigan2023diffusiongenerativemodelsinfinite,
      title={Diffusion Generative Models in Infinite Dimensions}, 
      author={Gavin Kerrigan and Justin Ley and Padhraic Smyth},
      year={2023},
      eprint={2212.00886},
      archivePrefix={arXiv},
      primaryClass={cs.LG},
      url={https://arxiv.org/abs/2212.00886}, 
}

@misc{rissanen2023generativemodellinginverseheat,
      title={Generative Modelling With Inverse Heat Dissipation}, 
      author={Severi Rissanen and Markus Heinonen and Arno Solin},
      year={2023},
      eprint={2206.13397},
      archivePrefix={arXiv},
      primaryClass={cs.CV},
      url={https://arxiv.org/abs/2206.13397}, 
}

@misc{hagemann2024multileveldiffusioninfinitedimensional,
      title={Multilevel Diffusion: Infinite Dimensional Score-Based Diffusion Models for Image Generation}, 
      author={Paul Hagemann and Sophie Mildenberger and Lars Ruthotto and Gabriele Steidl and Nicole Tianjiao Yang},
      year={2024},
      eprint={2303.04772},
      archivePrefix={arXiv},
      primaryClass={cs.LG},
      url={https://arxiv.org/abs/2303.04772}, 
}

@inproceedings{NEURIPS2023_76c6f9f2,
 author = {Lim, Sungbin and YOON, EUN BI and Byun, Taehyun and Kang, Taewon and Kim, Seungwoo and Lee, Kyungjae and Choi, Sungjoon},
 booktitle = {Advances in Neural Information Processing Systems},
 editor = {A. Oh and T. Naumann and A. Globerson and K. Saenko and M. Hardt and S. Levine},
 pages = {37799--37812},
 publisher = {Curran Associates, Inc.},
 title = {Score-based Generative Modeling through Stochastic Evolution Equations in Hilbert Spaces},
 url = {https://proceedings.neurips.cc/paper_files/paper/2023/file/76c6f9f2475b275b92d03a83ea270af4-Paper-Conference.pdf},
 volume = {36},
 year = {2023}
}

@inproceedings{bond2024infty,
  title     = {$\infty$-Diff: Infinite Resolution Diffusion with Subsampled Mollified States},
  author    = {Sam Bond-Taylor and Chris G. Willcocks},
  booktitle = {International Conference on Learning Representations},
  year      = {2024}
}


@misc{franzese2023continuoustimefunctionaldiffusionprocesses,
      title={Continuous-Time Functional Diffusion Processes}, 
      author={Giulio Franzese and Giulio Corallo and Simone Rossi and Markus Heinonen and Maurizio Filippone and Pietro Michiardi},
      year={2023},
      eprint={2303.00800},
      archivePrefix={arXiv},
      primaryClass={cs.LG},
      url={https://arxiv.org/abs/2303.00800}, 
}


@misc{park2025stochasticoptimalcontroldiffusion,
      title={Stochastic Optimal Control for Diffusion Bridges in Function Spaces}, 
      author={Byoungwoo Park and Jungwon Choi and Sungbin Lim and Juho Lee},
      year={2025},
      eprint={2405.20630},
      archivePrefix={arXiv},
      primaryClass={cs.LG},
      url={https://arxiv.org/abs/2405.20630}, 
}

@misc{baker2024conditioningnonlinearinfinitedimensionaldiffusion,
      title={Conditioning non-linear and infinite-dimensional diffusion processes}, 
      author={Elizabeth Louise Baker and Gefan Yang and Michael L. Severinsen and Christy Anna Hipsley and Stefan Sommer},
      year={2024},
      eprint={2402.01434},
      archivePrefix={arXiv},
      primaryClass={stat.ML},
      url={https://arxiv.org/abs/2402.01434}, 
}

@misc{yang2024simulatinginfinitedimensionalnonlineardiffusion,
      title={Simulating infinite-dimensional nonlinear diffusion bridges}, 
      author={Gefan Yang and Elizabeth Louise Baker and Michael L. Severinsen and Christy Anna Hipsley and Stefan Sommer},
      year={2024},
      eprint={2405.18353},
      archivePrefix={arXiv},
      primaryClass={cs.LG},
      url={https://arxiv.org/abs/2405.18353}, 
}

@misc{na2025probabilityflowodeinfinitedimensionalfunction,
      title={Probability-Flow ODE in Infinite-Dimensional Function Spaces}, 
      author={Kunwoo Na and Junghyun Lee and Se-Young Yun and Sungbin Lim},
      year={2025},
      eprint={2503.10219},
      archivePrefix={arXiv},
      primaryClass={cs.LG},
      url={https://arxiv.org/abs/2503.10219}, 
}

@misc{rahman2022generativeadversarialneuraloperators,
      title={Generative Adversarial Neural Operators}, 
      author={Md Ashiqur Rahman and Manuel A. Florez and Anima Anandkumar and Zachary E. Ross and Kamyar Azizzadenesheli},
      year={2022},
      eprint={2205.03017},
      archivePrefix={arXiv},
      primaryClass={cs.LG},
      url={https://arxiv.org/abs/2205.03017}, 
}