@book{ghanem2003stochastic,
  title={Stochastic finite elements: a spectral approach},
  author={Ghanem, Roger G and Spanos, Pol D},
  year={2003},
  publisher={Courier Corporation}
}

@misc{beauchamp2025neuralvariationaldataassimilation,
      title={Neural variational Data Assimilation with Uncertainty Quantification using SPDE priors}, 
      author={Maxime Beauchamp and Ronan Fablet and Simon Benaichouche and Pierre Tandeo and Nicolas Desassis and Bertrand Chapron},
      year={2025},
      eprint={2402.01855},
      archivePrefix={arXiv},
      primaryClass={stat.ML},
      url={https://arxiv.org/abs/2402.01855}, 
}